<record><leader>00000cas a22000007a 4500</leader><controlfield tag="001">24299331</controlfield><controlfield tag="008">910827d1977198unyuwr ne      0    0eng d</controlfield><datafield ind1=" " ind2=" " tag="010"><subfield code="a">sn 91066921 </subfield></datafield><datafield ind1=" " ind2=" " tag="040"><subfield code="a">NYS</subfield><subfield code="b">eng</subfield><subfield code="c">NYS</subfield><subfield code="d">NSD</subfield><subfield code="d">OCLCQ</subfield></datafield><datafield ind1=" " ind2=" " tag="042"><subfield code="a">msc</subfield></datafield><datafield ind1="0" ind2="0" tag="245"><subfield code="a">Monroe-Woodbury photo news.</subfield></datafield><datafield ind1="1" ind2="7" tag="246"><subfield code="a">Photo news</subfield></datafield><datafield ind1=" " ind2=" " tag="260"><subfield code="a">Monroe, N.Y. :</subfield><subfield code="b">Tunnell Pub. Co.,</subfield><subfield code="c">1977-</subfield></datafield><datafield ind1=" " ind2=" " tag="300"><subfield code="a">v. :</subfield><subfield code="b">ill.</subfield></datafield><datafield ind1=" " ind2=" " tag="310"><subfield code="a">Weekly</subfield></datafield><datafield ind1="0" ind2=" " tag="362"><subfield code="a">Vol. 10, no. 529 (June 15, 1977)-</subfield></datafield><datafield ind1=" " ind2=" " tag="500"><subfield code="a">Published on Wednesday.</subfield></datafield><datafield ind1=" " ind2="4" tag="651"><subfield code="a">Monroe (N.Y.)</subfield><subfield code="v">Newspapers.</subfield></datafield><datafield ind1=" " ind2="4" tag="651"><subfield code="a">Woodbury (N.Y.)</subfield><subfield code="v">Newspapers.</subfield></datafield><datafield ind1=" " ind2=" " tag="752"><subfield code="a">United States</subfield><subfield code="b">New York</subfield><subfield code="c">Orange</subfield><subfield code="d">Monroe.</subfield></datafield><datafield ind1=" " ind2=" " tag="752"><subfield code="a">United States</subfield><subfield code="b">New York</subfield><subfield code="c">Orange</subfield><subfield code="d">Woodbury.</subfield></datafield><datafield ind1="0" ind2=" " tag="775"><subfield code="t">Warwick advertiser photo news</subfield><subfield code="w">(DLC)sn 88075809</subfield><subfield code="w">(OCoLC)18549989</subfield></datafield><datafield ind1="0" ind2="0" tag="780"><subfield code="t">Monroe-Woodbury advertiser photo news</subfield><subfield code="w">(DLC)sn 91066920</subfield><subfield code="w">(OCoLC)24299223</subfield></datafield><datafield ind1="0" ind2="0" tag="785"><subfield code="t">Photo news (Monroe, N.Y. : 1982)</subfield><subfield code="x">1090-1493</subfield><subfield code="w">(DLC)sn 91066584</subfield><subfield code="w">(OCoLC)23996945</subfield></datafield><datafield ind1="1" ind2=" " tag="029"><subfield code="a">AU@</subfield><subfield code="b">000025853687</subfield></datafield></record>